%% LaTeX2e file `report1.bib'
%% generated by the `filecontents' environment
%% from source `report1' on 2020/05/02.
%%
  %-------------------------------------------------------------------------------
@Article{arpachiDusseau18:osbook,
  author =       {Boehm H-J, Adve SV},
  title =        {You Don't Know Jack About Shared Variables Or Memory Models},
  journal =      {ACM Queue},
  year =          2011,
  volume =        9,
  note =          {\url{https://queue.acm.org/detail.cfm?id=2088916}}
  }
  @Manual{atomic,
  title =        {Package java.util.concurrent.atomic},
  organization = {Oracle},
  note =          {\url{https://docs.oracle.com/javase/8/docs/api/java/util/concurrent/atomic/package-summary.html}}
  }
  @TECHREPORT{loch,
  author =       {ANDREAS LOCHBIHLER},
  title =        {Making the Java Memory Model Safe},
  institution =      {ACM Trans Program},
  month = {December},
  year =          2011,
  note =          {\url{https://pp.info.uni-karlsruhe.de/uploads/publikationen/lochbihler14toplas.pdf}}
  }
  @Manual{waldspurger02,
  author =       {Lea, Doug},
  title =        {Using JDK 9 Memory Order Modes},
  month =        {November},
  organization = {SUNY Oswego},
  year =         2018,
  note =         {\url{http://gee.cs.oswego.edu/dl/html/j9mm.html}}}
  
